<?xml version="1.0" encoding="UTF-8"?><collection xmlns="http://www.loc.gov/MARC21/slim"><record><leader>00410nam--2200133-i-4500</leader><controlfield tag="001">000047562</controlfield><controlfield tag="002">20161230</controlfield><controlfield tag="005">20161230201046</controlfield><controlfield tag="008">060222s1000------------r-----000-0-eng-d</controlfield><datafield ind1=" " ind2=" " tag="100"><subfield code="a">Wooster, W.A</subfield></datafield><datafield ind1=" " ind2=" " tag="245"><subfield code="a">The measurement of the intensities of x-ray. reflections from crystals</subfield></datafield><datafield ind1=" " ind2=" " tag="260"><subfield code="a">Praha, F.Rivnac, 1947</subfield></datafield><datafield ind1=" " ind2=" " tag="490"><subfield code="a">Acta Facultatis Rerum Nasturalium Universitatis Carolinae. Cislo 175a</subfield></datafield><datafield ind1=" " ind2=" " tag="852"><subfield code="a">1766</subfield></datafield></record></collection>